
@article{dunning_beadarray:_2007,
	title = {beadarray: R classes and methods for Illumina bead-based data},
	volume = {23},
	shorttitle = {beadarray},
	url = {http://bioinformatics.oxfordjournals.org/content/23/16/2183.abstract},
	doi = {10.1093/bioinformatics/btm311},
	number = {16},
	journal = {Bioinformatics},
	author = {Dunning, Mark J. and Smith, Mike L. and Ritchie, Matthew E. and Tavar\'e, Simon},
	year = {2007},
	pages = {2183 --2184}
},

@article{irizarry_exploration_2003,
	title = {Exploration, normalization, and summaries of high density oligonucleotide array probe level data},
	volume = {4},
	url = {http://biostatistics.oxfordjournals.org/content/4/2/249.abstract},
	doi = {10.1093/biostatistics/4.2.249},
	number = {2},
	journal = {Biostatistics},
	author = {Irizarry, Rafael A. and Hobbs, Bridget and Collin, Francois and {Beazer-Barclay}, Yasmin D. and Antonellis, Kristen J. and Scherf, Uwe and Speed, Terence P.},
	month = apr,
	year = {2003},
	pages = {249 --264}
}

@article{lin_model-based_2008,
	title = {Model-based variance-stabilizing transformation for {I}llumina microarray data},
	volume = {36},
	issn = {0305-1048, 1362-4962},
	url = {http://nar.oxfordjournals.org/content/36/2/e11.abstract},
	doi = {10.1093/nar/gkm1075},
	number = {2},
	journal = {Nucleic Acids Research},
	author = {Lin, Simon M and Du, Pan and Huber, Wolfgang and Kibbe, Warren A},
	month = feb,
	year = {2008},
	pages = {e11--e11}
}

@phdthesis{bolstad_low_2004,
	title = {Low Level Analysis of High-density Oligonucleotide Array Data: Background, Normalization and Summarization.},
	school = {University of California, Berkeley},
	author = {Bolstad, Benjamin Milo},
	year = {2004}
}

  @InCollection{smyth_bioinformatics_2005,
    title = {Limma: linear models for microarray data},
    author = {Gordon K. Smyth},
    booktitle = {Bioinformatics and Computational Biology Solutions using R and Bioconductor},
    editor = {R. Gentleman and V. Carey and S. Dudoit and R. Irizarry and W. Huber},
    publisher = {Springer},
    address = {New York},
    year = {2005},
    pages = {397--420},
  },
 
@article{smith_identification_2010,
	title = {Identification and correction of previously unreported spatial phenomena using raw Illumina {BeadArray} data},
	volume = {11},
	copyright = {2010 Smith et al; licensee {BioMed} Central Ltd.},
	issn = {1471-2105},
	url = {http://www.biomedcentral.com/1471-2105/11/208/abstract},
	doi = {10.1186/1471-2105-11-208},
	language = {en},
	number = {1},
	urldate = {2014-01-29},
	journal = {{BMC} Bioinformatics},
	author = {Smith, Mike L. and Dunning, Mark J. and Tavar\'e, Simon and Lynch, Andy G.},
	month = apr,
	year = {2010},
	note = {{PMID:} 20423502},
	pages = {208},
	}
	
@article{xie_statistical_2009,
	title = {Statistical methods of background correction for Illumina {BeadArray} data},
	volume = {25},
	issn = {1367-4803, 1460-2059},
	url = {http://bioinformatics.oxfordjournals.org/content/25/6/751},
	doi = {10.1093/bioinformatics/btp040},
	language = {en},
	number = {6},
	urldate = {2014-01-29},
	journal = {Bioinformatics},
	author = {Xie, Yang and Wang, Xinlei and Story, Michael},
	month = mar,
	year = {2009},
	note = {{PMID:} 19193732},
	pages = {751--757},
}	


@article{klanova_mouse_2014,
	title = {Mouse models of mantle cell lymphoma, complex changes in gene expression and phenotype of engrafted {MCL} cells: implications for preclinical research},
	copyright = {© 2014 Nature Publishing Group},
	issn = {0023-6837},
	shorttitle = {Mouse models of mantle cell lymphoma, complex changes in gene expression and phenotype of engrafted {MCL} cells},
	url = {http://www.nature.com/labinvest/journal/vaop/ncurrent/full/labinvest201461a.html},
	doi = {10.1038/labinvest.2014.61},
	language = {en},
	urldate = {2014-06-19},
	journal = {Laboratory Investigation},
	author = {Klanova, Magdalena and Soukup, Tomas and Jaksa, Radek and Molinsky, Jan and Lateckova, Lucie and Maswabi, Bokang CL and Prukova, Dana and Brezinova, Jana and Michalova, Kyra and Vockova, Petra and Hernandez-Ilizaliturri, Francisco and Kulvait, Vojtech and Zivny, Jan and Vokurka, Martin and Necas, Emanuel and Trneny, Marek and Klener, Pavel},
	month = may,
	year = {2014},
	keywords = {experimental therapy, immunodeficient mice, lymphoma microenvironment, mantle cell lymphoma, mouse xenograft model},
}

  @Manual{rcorecite,
    title = {R: A Language and Environment for Statistical Computing},
    author = {{R Core Team}},
    organization = {R Foundation for Statistical Computing},
    address = {Vienna, Austria},
    year = {2014},
    url = {http://www.R-project.org/},
  }
  
  @article{gentleman_bioconductor_2004,
	title = {Bioconductor: open software development for computational biology and bioinformatics},
	volume = {5},
	copyright = {2004 Gentleman et al.; licensee {BioMed} Central Ltd.},
	issn = {1465-6906},
	shorttitle = {Bioconductor},
	doi = {10.1186/gb-2004-5-10-r80},
	language = {en},
	number = {10},
	urldate = {2014-06-20},
	journal = {Genome Biology},
	author = {Gentleman, Robert C. and Carey, Vincent J. and Bates, Douglas M. and Bolstad, Ben and Dettling, Marcel and Dudoit, Sandrine and Ellis, Byron and Gautier, Laurent and Ge, Yongchao and Gentry, Jeff and Hornik, Kurt and Hothorn, Torsten and Huber, Wolfgang and Iacus, Stefano and Irizarry, Rafael and Leisch, Friedrich and Li, Cheng and Maechler, Martin and Rossini, Anthony J. and Sawitzki, Gunther and Smith, Colin and Smyth, Gordon and Tierney, Luke and Yang, Jean YH and Zhang, Jianhua},
	month = sep,
	year = {2004},
	pmid = {15461798},
	pages = {R80},
}

@article{benjamini_controlling_1995,
	title = {Controlling the false discovery rate: a practical and powerful approach to multiple testing},
	shorttitle = {Controlling the false discovery rate},
	url = {http://www.jstor.org/stable/2346101},
	urldate = {2014-06-27},
	journal = {Journal of the Royal Statistical Society. Series B (Methodological)},
	author = {Benjamini, Yoav and Hochberg, Yosef},
	year = {1995},
	pages = {289–300}
}

@misc{illumina:genomestudio,
author = "{Illumina, Inc.}",
title = "GenomeStudio Software",
year = "2014",
url = "http://www.illumina.com/informatics/sequencing-microarray-data-analysis/genomestudio.ilmn"
}

@misc{ bioconductor:blima,
   author = "Kulvait, Vojt\v{e}ch",
   title = "R/Bioconductor package blima",
   year = "2014",
   url = "http://www.bioconductor.org/packages/devel/bioc/html/blima.html"
 }
 
 @misc{ bioconductor:blimatestingdata,
   author = "Kulvait, Vojt\v{e}ch and Pytl\'{i}k, Robert",
   title = "R/Bioconductor package blimatestingdata",
   year = "2014",
   url = "http://www.bioconductor.org/packages/devel/data/experiment/html/blimaTestingData.html"
 }


 @misc{ bioconductor:beadarray,
   author = "Dunning, Mark and Smith, Mike and Cairns, Jonathan and Lynch, Andy and Ritchie, Matt",
   title = "R/Bioconductor package beadarray",
   year = "2014",
   url = "http://www.bioconductor.org/packages/release/bioc/html/beadarray.html"
 }

 @misc{ bioconductor:lumi,
   author = "Du, Pan and Bourgon, Richard and Feng, Gang and Lin, Simon",
   title = "R/Bioconductor package lumi",
   year = "2014",
   url = "http://www.bioconductor.org/packages/release/bioc/html/lumi.html"
 }
 
 @misc{gnu:gpl3,
 title = {GNU General Public License, version 3},
 url = {http://www.gnu.org/licenses/gpl.html},
 year = {2007},
 month = {June}
}

@article{edgar2002gene,
  title={Gene Expression Omnibus: NCBI gene expression and hybridization array data repository},
  author={Edgar, Ron and Domrachev, Michael and Lash, Alex E},
  journal={Nucleic acids research},
  volume={30},
  number={1},
  pages={207--210},
  year={2002},
  publisher={Oxford Univ Press}
}

@misc{omnibus:GSE56129,
title={Human mesenchymal cells treated with various supplements (dataset to support blima package for bead level Illumina microarray analysis)},
url = {http://www.ncbi.nlm.nih.gov/geo/query/acc.cgi?acc=GSE56129},
year = {2014},
month = {Mar},
author = "Kulvait, Vojt\v{e}ch and Pytl\'{i}k, Robert"
}

@misc{vig:blima,
title={blima - R package for Bead Level Illumina Microarray Analysis (package vignette)},
url = {http://www.bioconductor.org/packages/devel/bioc/vignettes/blima/inst/doc/blima.pdf},
year = {2014},
month = {May},
author = "Kulvait, Vojt\v{e}ch"
}

